@article{Jones:2017kc,
author = {Jones, S and Andr{\'a}ssy, R and Sandalski, S and Davis, A and Woodward, P and Herwig, Falk},
title = {{Idealized hydrodynamic simulations of turbulent oxygen-burning shell convection in 4pi geometry}},
journal = {MNRAS},
year = {2017},
volume = {465},
number = {3},
pages = {2991--3010},
month = mar
}

@article{Andrassy:2018wy,
author = {Andrassy, Robert and Herwig, Falk and Woodward, Paul and Ritter, Christian},
title = {{3D hydrodynamic simulations of C ingestion into a convective O shell}},
journal = {MNRAS},
year = {2019},
eprint = {1808.04014},
eprinttype = {arxiv},
note = {rev.\ req.},
month = aug
}


@article{press:81,
author = {Press, W H},
title = {{Radiative and other effects from internal waves in solar and stellar interiors}},
journal = {Astrophysical Journal},
year = {1981},
volume = {245},
pages = {286--303},
month = apr
}

@article{Denissenkov:2003gx,
author = {Denissenkov, P A and Tout, C A},
title = {{Partial mixing and formation of the 13C pocket by internal gravity waves in asymptotic giant branch stars}},
journal = {MNRAS},
year = {2003},
volume = {340},
number = {3},
pages = {722--732},
month = apr
}

@article{Zahn:92,
author = {Zahn, J P},
title = {{Circulation and turbulence in rotating stars.}},
journal = {A{\&}A},
volume = {265},
pages = {115},
year = {1992}
}

@article{Prat:2016coa,
author = {Prat, V and Guilet, J and Viallet, M and M{\"u}ller, E},
title = {{Shear mixing in stellar radiative zones. II. Robustness of numerical simulations}},
journal = {A{\&}A},
year = {2016},
volume = {592},
pages = {A59},
month = jul
}



@article{Moravveji:2015kr,
author = {Moravveji, E and Aerts, C and Papics, P I and Triana, S A and Vandoren, B},
title = {{Tight asteroseismic constraints on core overshooting and diffusive mixing in the slowly rotating pulsating B8.3V star KIC 10526294}},
journal = {A{\&}A},
year = {2015},
volume = {580},
pages = {A27},
month = aug
}

@article{Aerts:2015jv,
author = {Aerts, C and Rogers, T M},
title = {{Observational Signatures of Convectively Driven Waves in Massive Stars}},
journal = {ApJ},
year = {2015},
volume = {806},
number = {2},
pages = {L33},
month = jun
}

@article{Rogers:2013fl,
author = {Rogers, T M and Lin, D N C and McElwaine, J N and Lau, H H B},
title = {{INTERNAL GRAVITY WAVES IN MASSIVE STARS: ANGULAR MOMENTUM TRANSPORT}},
journal = {ApJ},
year = {2013},
volume = {772},
number = {1},
pages = {21},
month = jul
}

@article{Edelmann:2019jh,
author = {Edelmann, P V F and Ratnasingam, R P and Pedersen, M G and Bowman, D M and Prat, V and Rogers, T M},
title = {{Three-dimensional Simulations of Massive Stars. I. Wave Generation and Propagation}},
journal = {ApJ},
year = {2019},
volume = {876},
number = {1},
pages = {4},
month = may
}


@article{Bowman:2019ib,
author = {Bowman, D M and Aerts, C and Johnston, C and Pedersen, M G and Rogers, T M and Edelmann, P V F and Sim{\'o}n-D{\'\i}az, S and Van Reeth, T and Buysschaert, B and Tkachenko, A and Triana, S A},
title = {{Photometric detection of internal gravity waves in upper main-sequence stars}},
journal = {A{\&}A},
year = {2019},
volume = {621},
pages = {A135},
month = jan
}

@article{Bowman:2019ka,
author = {Bowman, Dominic M and Burssens, Siemen and Pedersen, May G and Johnston, Cole and Aerts, Conny and Buysschaert, Bram and Michielsen, Mathias and Tkachenko, Andrew and Rogers, Tamara M and Edelmann, Philipp V F and Ratnasingam, Rathish P and Sim{\'o}n-D{\'\i}az, Sergio and Castro, Norberto and Moravveji, Ehsan and Pope, Benjamin J S and White, Timothy R and De Cat, Peter},
title = {{Low-frequency gravity waves in blue supergiants revealed by high-precision space photometry}},
journal = {Nature Astronomy 2018},
year = {2019},
volume = {528},
pages = {1},
month = may
}

@article{Woodward:2013uf,
author = {Woodward, Paul R and Herwig, Falk and Lin, Pei-Hung},
title = {{Hydrodynamic simulations of H entrainment at the top of He-shell flash convection}},
journal = {ApJ},
year = {2015},
volume = {798},
number = {1},
pages = {49},
month = jan
}


@article{Davis:2018jz,
author = {Davis, A and Jones, S and Herwig, Falk},
title = {{Convective boundary mixing in a post-He core burning massive star model}},
journal = {MNRAS},
year = {2018},
volume = {484},
number = {3},
pages = {3921--3934},
month = dec
}


@ARTICLE{muller_janka15,
   author = {{M{\"u}ller}, B. and {Janka}, H.-T.},
    title = "{Non-radial instabilities and progenitor asphericities in core-collapse supernovae}",
  journal = {\mnras},
archivePrefix = "arXiv",
   eprint = {1409.4783},
 primaryClass = "astro-ph.SR",
 keywords = {hydrodynamics, instabilities, neutrinos, radiative transfer, supernovae: general},
     year = 2015,
    month = apr,
   volume = 448,
    pages = {2141-2174},
      doi = {10.1093/mnras/stv101},
   adsurl = {http://adsabs.harvard.edu/abs/2015MNRAS.448.2141M},
  adsnote = {Provided by the SAO/NASA Astrophysics Data System}
}

@ARTICLE{biermann32,
   author = {{Biermann}, L.},
   title = "{Untersuchungen {\"u}ber den inneren Aufbau der Sterne. IV. Konvektionszonen im Innern der Sterne. (Ver{\"o}ffentlichungen der Universit{\"a}ts-Sternwarte G{\"o}ttingen, Nr. 27. ) Mit 5 Abbildungen.}",
   journal = {\zap},
   year = 1932,
   volume = 5,
   pages = {117},
   adsurl = {http://adsabs.harvard.edu/abs/1932ZA......5..117B},
   adsnote = {Provided by the SAO/NASA Astrophysics Data System}
}
			  