% Encoding: x-MacRoman


@article{Hampel:2016fn,
author = {Hampel, Melanie and Stancliffe, Richard J and Lugaro, Maria and Meyer, Bradley S},
title = {{The Intermediate Neutron-capture Process and Carbon-enhanced Metal-poor Stars}},
journal = {ApJ},
year = {2016},
volume = {831},
number = {2},
pages = {171},
month = nov
}



@ARTICLE{colella_woodward84,
   author = {{Colella}, P. and {Woodward}, P.~R.},
    title = "{The Piecewise Parabolic Method (PPM) for Gas-Dynamical Simulations}",
  journal = {Journal of Computational Physics},
     year = 1984,
    month = sep,
   volume = 54,
    pages = {174-201},
      doi = {10.1016/0021-9991(84)90143-8},
   adsurl = {http://adsabs.harvard.edu/abs/1984JCoPh..54..174C},
  adsnote = {Provided by the SAO/NASA Astrophysics Data System}
}

@INCOLLECTION{woodward_colella81,
  author      = {{Woodward}, P. and {Colella}, P.},
  editor      = "{W.~C. {Reynolds} and R.~W. {MacCormack}}",
  booktitle   = "{Lecture Notes in Physics}",
  publisher   = "{Springer Verlag}",
  address     = "Berlin",
  year        = 1981,
  pages       = "434-441"
}

@INPROCEEDINGS{woodward86,
   author = {{Woodward}, P.~R.},
    title = "{PPM: Piecewise-Parabolic Methods for Astrophysical Fluid Dynamics}",
booktitle = {NATO Advanced Science Institutes (ASI) Series C},
     year = 1986,
   series = {NATO Advanced Science Institutes (ASI) Series C},
   volume = 188,
   editor = {{Winkler}, K.-H.~A. and {Norman}, M.~L.},
    pages = {245},
   adsurl = {http://adsabs.harvard.edu/abs/1986ASIC..188..245W},
  adsnote = {Provided by the SAO/NASA Astrophysics Data System}
}

@INCOLLECTION{woodward06,
  author      = {{Woodward}, P.~R.},
  editor      = "{Grinstein}, F.~F. and {Margolin}, L.~G. and {Rider}, W.~J.",
  booktitle   = "{Implicit Large Eddy Simulation, Computing Turbulent
  Fluid Dynamics}",
  publisher   = "{Cambridge University
  Press}",
  address     = "Cambridge",
  year        = 2007,
  pages       = 130
}

@ARTICLE{woodward_colella84,
   author = {{Woodward}, P. and {Colella}, P.},
    title = "{The numerical simulation of two-dimensional fluid flow with strong shocks}",
  journal = {Journal of Computational Physics},
 keywords = {Computational Fluid Dynamics, Computerized Simulation, Shock Discontinuity, Shock Wave Interaction, Two Dimensional Flow, Computational Grids, Continuum Flow, Finite Difference Theory, Lin\
ear Equations, Mach Reflection, Viscous Flow},
     year = 1984,
    month = apr,
   volume = 54,
    pages = {115-173},
      doi = {10.1016/0021-9991(84)90142-6},
   adsurl = {http://adsabs.harvard.edu/abs/1984JCoPh..54..115W},
  adsnote = {Provided by the SAO/NASA Astrophysics Data System}
}

@ARTICLE{Banerjee2018,
   author = {{Banerjee}, P. and {Qian}, Y.-Z. and {Heger}, A.},
    title = "{New Neutron-capture Site in Massive Pop III and Pop II Stars as a Source for Heavy Elements in the Early Galaxy}",
  journal = {\apj},
archivePrefix = "arXiv",
   eprint = {1711.05964},
 primaryClass = "astro-ph.SR",
 keywords = {stars: massive, stars: Population II, stars: Population III, stars: neutron },
     year = 2018,
    month = oct,
   volume = 865,
      eid = {120},
    pages = {120},
      doi = {10.3847/1538-4357/aadb8c},
   adsurl = {http://adsabs.harvard.edu/abs/2018ApJ...865..120B},
  adsnote = {Provided by the SAO/NASA Astrophysics Data System}
}

@ARTICLE{Clarkson2018,
   author = {{Clarkson}, O. and {Herwig}, F. and {Pignatari}, M.},
    title = "{Pop III i-process nucleosynthesis and the elemental abundances of SMSS J0313-6708 and the most iron-poor stars}",
  journal = {\mnras},
archivePrefix = "arXiv",
   eprint = {1710.01763},
 primaryClass = "astro-ph.SR",
 keywords = {nuclear reactions, nucleosynthesis, abundances, stars: carbon, stars: Population III},
     year = 2018,
    month = feb,
   volume = 474,
    pages = {L37-L41},
      doi = {10.1093/mnrasl/slx190},
   adsurl = {http://adsabs.harvard.edu/abs/2018MNRAS.474L..37C},
  adsnote = {Provided by the SAO/NASA Astrophysics Data System}
}

@ARTICLE{Jones2016,
   author = {{Jones}, S. and {Ritter}, C. and {Herwig}, F. and {Fryer}, C. and
        {Pignatari}, M. and {Bertolli}, M.~G. and {Paxton}, B.},
    title = "{H ingestion into He-burning convection zones in super-AGB stellar models as a potential site for intermediate neutron-density nucleosynthesis}",
  journal = {\mnras},
archivePrefix = "arXiv",
   eprint = {1510.07417},
 primaryClass = "astro-ph.SR",
 keywords = {stars: abundances, stars: AGB and post-AGB, stars: evolution, stars: interior},
     year = 2016,
    month = feb,
   volume = 455,
    pages = {3848-3863},
      doi = {10.1093/mnras/stv2488},
   adsurl = {http://adsabs.harvard.edu/abs/2016MNRAS.455.3848J},
  adsnote = {Provided by the SAO/NASA Astrophysics Data System}
}     

@ARTICLE{Campbell2010,
   author = {{Campbell}, S.~W. and {Lugaro}, M. and {Karakas}, A.~I.},
    title = "{Evolution and nucleosynthesis of extremely metal-poor and metal-free low- and intermediate-mass stars. II. s-process nucleosynthesis during the core He flash}",
  journal = {\aap},
archivePrefix = "arXiv",
   eprint = {1010.1987},
 primaryClass = "astro-ph.SR",
 keywords = {nuclear, reactions, nucleosynthesis, abundances, stars: evolution, stars:, individual: HE 1327-2326, stars: interiors, stars: Population II, stars: Population III},
     year = 2010,
    month = nov,
   volume = 522,
      eid = {L6},
    pages = {L6},
      doi = {10.1051/0004-6361/201015428},
   adsurl = {http://adsabs.harvard.edu/abs/2010A%26A...522L...6C},
  adsnote = {Provided by the SAO/NASA Astrophysics Data System}
}

@ARTICLE{Lugaro2012,
   author = {{Lugaro}, M. and {Karakas}, A.~I. and {Stancliffe}, R.~J. and
        {Rijs}, C.},
    title = "{The s-process in Asymptotic Giant Branch Stars of Low Metallicity and the Composition of Carbon-enhanced Metal-poor Stars}",
  journal = {\apj},
archivePrefix = "arXiv",
   eprint = {1112.2757},
 primaryClass = "astro-ph.SR",
 keywords = {nuclear reactions, nucleosynthesis, abundances, stars: abundances, stars: AGB and post-AGB},
     year = 2012,
    month = mar,
   volume = 747,
      eid = {2},
    pages = {2},
      doi = {10.1088/0004-637X/747/1/2},
   adsurl = {http://adsabs.harvard.edu/abs/2012ApJ...747....2L},
  adsnote = {Provided by the SAO/NASA Astrophysics Data System}
}

@ARTICLE{Iwamoto2004,
   author = {{Iwamoto}, N. and {Kajino}, T. and {Mathews}, G.~J. and {Fujimoto}, M.~Y. and 
	{Aoki}, W.},
    title = "{Flash-Driven Convective Mixing in Low-Mass, Metal-deficient Asymptotic Giant Branch Stars: A New Paradigm for Lithium Enrichment and a Possible s-Process}",
  journal = {\apj},
 keywords = {Nuclear Reactions, Nucleosynthesis, Abundances, Stars: AGB and Post-AGB, Stars: Carbon, Stars: Evolution, Stars: Interiors},
     year = 2004,
    month = feb,
   volume = 602,
    pages = {377-388},
      doi = {10.1086/380989},
   adsurl = {http://adsabs.harvard.edu/abs/2004ApJ...602..377I},
  adsnote = {Provided by the SAO/NASA Astrophysics Data System}
}

@ARTICLE{Abate2018,
   author = {{Abate}, C. and {Pols}, O.~R. and {Stancliffe}, R.~J.},
    title = "{Understanding the orbital periods of CEMP-s stars}",
  journal = {\aap},
archivePrefix = "arXiv",
   eprint = {1809.10157},
 primaryClass = "astro-ph.SR",
 keywords = {stars: chemically peculiar, stars: Population II, Galaxy: halo, binaries: general, stars: winds, outflows, stars: kinematics and dynamics},
     year = 2018,
    month = nov,
   volume = 620,
      eid = {A63},
    pages = {A63},
      doi = {10.1051/0004-6361/201833780},
   adsurl = {http://adsabs.harvard.edu/abs/2018A%26A...620A..63A},
  adsnote = {Provided by the SAO/NASA Astrophysics Data System}
}

@ARTICLE{Denissenkov2010,
   author = {{Denissenkov}, P.~A.},
    title = "{Numerical Simulations of Thermohaline Convection: Implications for Extra-mixing in Low-mass RGB Stars}",
  journal = {\apj},
archivePrefix = "arXiv",
   eprint = {1006.5481},
 primaryClass = "astro-ph.SR",
 keywords = {stars: abundances, stars: evolution, stars: interiors},
     year = 2010,
    month = nov,
   volume = 723,
    pages = {563-579},
      doi = {10.1088/0004-637X/723/1/563},
   adsurl = {http://adsabs.harvard.edu/abs/2010ApJ...723..563D},
  adsnote = {Provided by the SAO/NASA Astrophysics Data System}
}

@ARTICLE{Stancliffe2007,
   author = {{Stancliffe}, R.~J. and {Glebbeek}, E. and {Izzard}, R.~G. and 
	{Pols}, O.~R.},
    title = "{Carbon-enhanced metal-poor stars and thermohaline mixing}",
  journal = {\aap},
 keywords = {stars: evolution, stars: binaries: general, stars: carbon, stars: abundances},
     year = 2007,
    month = mar,
   volume = 464,
    pages = {L57-L60},
      doi = {10.1051/0004-6361:20066891},
   adsurl = {http://adsabs.harvard.edu/abs/2007A%26A...464L..57S},
  adsnote = {Provided by the SAO/NASA Astrophysics Data System}
}

@ARTICLE{Denissenkov2008,
   author = {{Denissenkov}, P.~A. and {Pinsonneault}, M.},
    title = "{The Impact of Carbon Enhancement on Extra Mixing in Metal-poor Stars}",
  journal = {\apj},
archivePrefix = "arXiv",
   eprint = {0709.4240},
 keywords = {stars: abundances, stars: evolution, stars: interiors},
     year = 2008,
    month = jun,
   volume = 679,
    pages = {1541-1548},
      doi = {10.1086/587681},
   adsurl = {http://adsabs.harvard.edu/abs/2008ApJ...679.1541D},
  adsnote = {Provided by the SAO/NASA Astrophysics Data System}
}

@ARTICLE{Moe2019,
   author = {{Moe}, M. and {Kratter}, K.~M. and {Badenes}, C.},
    title = "{The Close Binary Fraction of Solar-type Stars Is Strongly Anticorrelated with Metallicity}",
  journal = {\apj},
archivePrefix = "arXiv",
   eprint = {1808.02116},
 primaryClass = "astro-ph.SR",
 keywords = {binaries: close, binaries: eclipsing, binaries: spectroscopic, stars: abundances, stars: formation, stars: solar-type },
     year = 2019,
    month = apr,
   volume = 875,
      eid = {61},
    pages = {61},
      doi = {10.3847/1538-4357/ab0d88},
   adsurl = {http://adsabs.harvard.edu/abs/2019ApJ...875...61M},
  adsnote = {Provided by the SAO/NASA Astrophysics Data System}
}

@ARTICLE{Fuhrmann2017,
   author = {{Fuhrmann}, K. and {Chini}, R. and {Kaderhandt}, L. and {Chen}, Z.
	},
    title = "{Multiplicity among Solar-type Stars}",
  journal = {\apj},
 keywords = {solar neighborhood, stars: fundamental parameters, stars: solar-type, stars: statistics},
     year = 2017,
    month = feb,
   volume = 836,
      eid = {139},
    pages = {139},
      doi = {10.3847/1538-4357/836/1/139},
   adsurl = {http://adsabs.harvard.edu/abs/2017ApJ...836..139F},
  adsnote = {Provided by the SAO/NASA Astrophysics Data System}
}

@ARTICLE{Badenes2018,
   author = {{Badenes}, C. and {Mazzola}, C. and {Thompson}, T.~A. and {Covey}, K. and 
	{Freeman}, P.~E. and {Walker}, M.~G. and {Moe}, M. and {Troup}, N. and 
	{Nidever}, D. and {Allende Prieto}, C. and {Andrews}, B. and 
	{Barb{\'a}}, R.~H. and {Beers}, T.~C. and {Bovy}, J. and {Carlberg}, J.~K. and 
	{De Lee}, N. and {Johnson}, J. and {Lewis}, H. and {Majewski}, S.~R. and 
	{Pinsonneault}, M. and {Sobeck}, J. and {Stassun}, K.~G. and 
	{Stringfellow}, G.~S. and {Zasowski}, G.},
    title = "{Stellar Multiplicity Meets Stellar Evolution and Metallicity: The APOGEE View}",
  journal = {\apj},
archivePrefix = "arXiv",
   eprint = {1711.00660},
 primaryClass = "astro-ph.SR",
 keywords = {binaries: close, binaries: spectroscopic, stars: evolution, stars: fundamental parameters},
     year = 2018,
    month = feb,
   volume = 854,
      eid = {147},
    pages = {147},
      doi = {10.3847/1538-4357/aaa765},
   adsurl = {http://adsabs.harvard.edu/abs/2018ApJ...854..147B},
  adsnote = {Provided by the SAO/NASA Astrophysics Data System}
}

@ARTICLE{busso:01a,
    author = {{Busso}, M. and {Gallino}, R. and {Lambert}, D.~L. and {Travaglio}, C. and
        {Smith}, V.~V.},
    title = "{Nucleosynthesis and Mixing on the Asymptotic Giant Branch. III. Predicted and Observed s-Process Abundances}",
    journal = APJ,
    year = 2001,
    month = aug,
    volume = 557,
    pages = {802},
    anote = {NR = lit}
}

@BOOK{clayton:68,
   author = {{Clayton}, D.~D.},
   title = "{Principles of stellar evolution and nucleosynthesis}",
   keywords = {STELLAR EVOLUTION, NUCLEOSYNTHESIS, STELLAR INTERIORS, NUCLEAR REACTIONS},
   publisher = {New York: McGraw-Hill},
   year = 1968,
   adsurl = {http://adsabs.harvard.edu/abs/1968psen.book.....C},
   adsnote = {Provided by the SAO/NASA Astrophysics Data System}
}

@article{Herwig:2005jn,
author = {Herwig, Falk},
title = {{Evolution of Asymptotic Giant Branch Stars}},
journal = {Annu. Rev. Astro. Astrophys.},
year = {2005},
volume = {43},
number = {1},
pages = {435--479},
month = sep
}


@article{Werner:2006bf,
author = {Werner, Klaus and Herwig, Falk},
title = {{The Elemental Abundances in Bare Planetary Nebula Central Stars and the Shell Burning in AGB Stars}},
journal = {PUBL ASTRON SOC PAC},
year = {2006},
volume = {118},
number = {840},
pages = {183--204},
month = feb
}



@article{Battino:2016bna,
author = {Battino, U and Pignatari, M and Ritter, C and Herwig, Falk and Denisenkov, P and Den Hartogh, J W and Trappitsch, R and Hirschi, R and Freytag, B and Thielemann, F and Paxton, B},
title = {{Application of a Theory and Simulation-based Convective Boundary Mixing Model for AGB Star Evolution and Nucleosynthesis}},
journal = {ApJ},
year = {2016},
volume = {827},
number = {1},
pages = {30},
month = aug
}



@ARTICLE{Abate2016,
   author = {{Abate}, C. and {Stancliffe}, R.~J. and {Liu}, Z.-W.},
    title = "{How plausible are the proposed formation scenarios of CEMP-r/s stars?}",
  journal = {\aap},
archivePrefix = "arXiv",
   eprint = {1601.00976},
 primaryClass = "astro-ph.SR",
 keywords = {stars: abundances, stars: AGB and post-AGB, stars: Population II, stars: chemically peculiar, Galaxy: halo, binaries: general},
     year = 2016,
    month = mar,
   volume = 587,
      eid = {A50},
    pages = {A50},
      doi = {10.1051/0004-6361/201527864},
   adsurl = {http://adsabs.harvard.edu/abs/2016A%26A...587A..50A},
  adsnote = {Provided by the SAO/NASA Astrophysics Data System}
}

@ARTICLE{Aoki2002,
   author = {{Aoki}, W. and {Norris}, J.~E. and {Ryan}, S.~G. and {Beers}, T.~C. and 
	{Ando}, H.},
    title = "{Subaru/HDS Study of the Extremely Metal-Poor Star CS 29498-043: Abundance Analysis Details and Comparison with Other Carbon-Rich Objects}",
  journal = {\pasj},
 keywords = {nuclear reactions, nucleosynthesis, abundances, stars: abundances, stars: carbon, stars: individual (CS 29498-043), stars: population II},
     year = 2002,
    month = dec,
   volume = 54,
    pages = {933-949},
      doi = {10.1093/pasj/54.6.933},
   adsurl = {http://adsabs.harvard.edu/abs/2002PASJ...54..933A},
  adsnote = {Provided by the SAO/NASA Astrophysics Data System}
}

@ARTICLE{Johnson2004,
   author = {{Johnson}, J.~A. and {Bolte}, M.},
    title = "{The s-Process in Metal-Poor Stars: Abundances for 22 Neutron-Capture Elements in CS 31062-050}",
  journal = {\apj},
   eprint = {astro-ph/0402003},
 keywords = {Nuclear Reactions, Nucleosynthesis, Abundances, Stars: Abundances, Stars: Atmospheres, Stars: Population II},
     year = 2004,
    month = apr,
   volume = 605,
    pages = {462-471},
      doi = {10.1086/382147},
   adsurl = {http://adsabs.harvard.edu/abs/2004ApJ...605..462J},
  adsnote = {Provided by the SAO/NASA Astrophysics Data System}
}

@ARTICLE{Postnov2014,
   author = {{Postnov}, K.~A. and {Yungelson}, L.~R.},
    title = "{The Evolution of Compact Binary Star Systems}",
  journal = {Living Reviews in Relativity},
archivePrefix = "arXiv",
   eprint = {1403.4754},
 primaryClass = "astro-ph.HE",
 keywords = {AM CVn stars, Neutron stars, Astrophysics, Gravitational-wave sources, Black holes, Binary systems, White dwarfs, Supernovae},
     year = 2014,
    month = may,
   volume = 17,
      eid = {3},
    pages = {3},
      doi = {10.12942/lrr-2014-3},
   adsurl = {http://adsabs.harvard.edu/abs/2014LRR....17....3P},
  adsnote = {Provided by the SAO/NASA Astrophysics Data System}
}

@ARTICLE{Hampel2016,
   author = {{Hampel}, M. and {Stancliffe}, R.~J. and {Lugaro}, M. and {Meyer}, B.~S.
	},
    title = "{The Intermediate Neutron-capture Process and Carbon-enhanced Metal-poor Stars}",
  journal = {\apj},
archivePrefix = "arXiv",
   eprint = {1608.08634},
 primaryClass = "astro-ph.SR",
 keywords = {binaries: general, nuclear reactions, nucleosynthesis, abundances, stars: AGB and post-AGB, stars: carbon, stars: chemically peculiar},
     year = 2016,
    month = nov,
   volume = 831,
      eid = {171},
    pages = {171},
      doi = {10.3847/0004-637X/831/2/171},
   adsurl = {http://adsabs.harvard.edu/abs/2016ApJ...831..171H},
  adsnote = {Provided by the SAO/NASA Astrophysics Data System}
}

@ARTICLE{Dardelet2015,
   author = {{Dardelet}, L. and {Ritter}, C. and {Prado}, P. and {Heringer}, E. and 
	{Higgs}, C. and {Sandalski}, S. and {Jones}, S. and {Denissenkov}, P. and 
	{Venn}, K. and {Bertolli}, M. and {Pignatari}, M. and {Woodward}, P. and 
	{Herwig}, F.},
    title = "{The i-process and CEMP-r/s stars}",
  journal = {ArXiv e-prints},
archivePrefix = "arXiv",
   eprint = {1505.05500},
 primaryClass = "astro-ph.SR",
 keywords = {Astrophysics - Solar and Stellar Astrophysics},
     year = 2015,
    month = may,
   adsurl = {http://adsabs.harvard.edu/abs/2015arXiv150505500D},
  adsnote = {Provided by the SAO/NASA Astrophysics Data System}
}

@ARTICLE{Bisterzo2012,
   author = {{Bisterzo}, S. and {Gallino}, R. and {Straniero}, O. and {Cristallo}, S. and 
	{K{\"a}ppeler}, F.},
    title = "{The s-process in low-metallicity stars - III. Individual analysis of CEMP-s and CEMP-s/r with asymptotic giant branch models}",
  journal = {\mnras},
archivePrefix = "arXiv",
   eprint = {1201.6198},
 primaryClass = "astro-ph.SR",
 keywords = {stars: AGB and post-AGB, stars: carbon, stars: Population II, primordial nucleosynthesis},
     year = 2012,
    month = may,
   volume = 422,
    pages = {849-884},
      doi = {10.1111/j.1365-2966.2012.20670.x},
   adsurl = {http://adsabs.harvard.edu/abs/2012MNRAS.422..849B},
  adsnote = {Provided by the SAO/NASA Astrophysics Data System}
}

@ARTICLE{Masseron2010,
   author = {{Masseron}, T. and {Johnson}, J.~A. and {Plez}, B. and {van Eck}, S. and 
	{Primas}, F. and {Goriely}, S. and {Jorissen}, A.},
    title = "{A holistic approach to carbon-enhanced metal-poor stars}",
  journal = {\aap},
archivePrefix = "arXiv",
   eprint = {0901.4737},
 primaryClass = "astro-ph.SR",
 keywords = {stars: abundances, stars: AGB and post-AGB, stars: population II},
     year = 2010,
    month = jan,
   volume = 509,
      eid = {A93},
    pages = {A93},
      doi = {10.1051/0004-6361/200911744},
   adsurl = {http://adsabs.harvard.edu/abs/2010A%26A...509A..93M},
  adsnote = {Provided by the SAO/NASA Astrophysics Data System}
}

@ARTICLE{Beers2005,
   author = {{Beers}, T.~C. and {Christlieb}, N.},
    title = "{The Discovery and Analysis of Very Metal-Poor Stars in the Galaxy}",
  journal = {\araa},
     year = 2005,
    month = sep,
   volume = 43,
    pages = {531-580},
      doi = {10.1146/annurev.astro.42.053102.134057},
   adsurl = {http://adsabs.harvard.edu/abs/2005ARA%26A..43..531B},
  adsnote = {Provided by the SAO/NASA Astrophysics Data System}
}

@ARTICLE{Nomoto2007,
   author = {{Nomoto}, K. and {Saio}, H. and {Kato}, M. and {Hachisu}, I.
	},
    title = "{Thermal Stability of White Dwarfs Accreting Hydrogen-rich Matter and Progenitors of Type Ia Supernovae}",
  journal = {\apj},
   eprint = {astro-ph/0603351},
 keywords = {Accretion, Accretion Disks, Stars: Binaries: Close, Stars: Novae, Cataclysmic Variables, Stars: Evolution, Stars: Supernovae: General, Stars: White Dwarfs},
     year = 2007,
    month = jul,
   volume = 663,
    pages = {1269-1276},
      doi = {10.1086/518465},
   adsurl = {http://adsabs.harvard.edu/abs/2007ApJ...663.1269N},
  adsnote = {Provided by the SAO/NASA Astrophysics Data System}
}

@ARTICLE{Cote2018,
   author = {{C{\^o}t{\'e}}, B. and {Denissenkov}, P. and {Herwig}, F. and 
	{Ruiter}, A.~J. and {Ritter}, C. and {Pignatari}, M. and {Belczynski}, K.
	},
    title = "{i-process Contribution of Rapidly Accreting White Dwarfs to the Solar Composition of First-peak Neutron-capture Elements}",
  journal = {\apj},
archivePrefix = "arXiv",
   eprint = {1712.07551},
 primaryClass = "astro-ph.SR",
 keywords = {binaries: general, Galaxy: abundances, nuclear reactions, nucleosynthesis, abundances, Sun: abundances },
     year = 2018,
    month = feb,
   volume = 854,
      eid = {105},
    pages = {105},
      doi = {10.3847/1538-4357/aaaae8},
   adsurl = {http://adsabs.harvard.edu/abs/2018ApJ...854..105C},
  adsnote = {Provided by the SAO/NASA Astrophysics Data System}
}

@ARTICLE{Pignatari2016,
   author = {{Pignatari}, M. and {Herwig}, F. and {Hirschi}, R. and {Bennett}, M. and 
	{Rockefeller}, G. and {Fryer}, C. and {Timmes}, F.~X. and {Ritter}, C. and 
	{Heger}, A. and {Jones}, S. and {Battino}, U. and {Dotter}, A. and 
	{Trappitsch}, R. and {Diehl}, S. and {Frischknecht}, U. and 
	{Hungerford}, A. and {Magkotsios}, G. and {Travaglio}, C. and 
	{Young}, P.},
    title = "{NuGrid Stellar Data Set. I.Stellar Yields from H to Bi for Stars with Metallicities Z = 0.02 and Z = 0.01}",
  journal = {\apjs},
archivePrefix = "arXiv",
   eprint = {1307.6961},
 primaryClass = "astro-ph.SR",
 keywords = {nuclear reactions, nucleosynthesis, abundances, stars: abundances, stars: evolution, stars: interiors},
     year = 2016,
    month = aug,
   volume = 225,
      eid = {24},
    pages = {24},
      doi = {10.3847/0067-0049/225/2/24},
   adsurl = {http://adsabs.harvard.edu/abs/2016ApJS..225...24P},
  adsnote = {Provided by the SAO/NASA Astrophysics Data System}
}

@ARTICLE{Denissenkov2018,
   author = {{Denissenkov}, P. and {Perdikakis}, G. and {Herwig}, F. and 
	{Schatz}, H. and {Ritter}, C. and {Pignatari}, M. and {Jones}, S. and 
	{Nikas}, S. and {Spyrou}, A.},
    title = "{The impact of (n, {$\gamma$}) reaction rate uncertainties of unstable isotopes near N{\nbsp}={\nbsp}50 on the i-process nucleosynthesis in He-shell flash white dwarfs}",
  journal = {Journal of Physics G Nuclear Physics},
     year = 2018,
    month = may,
   volume = 45,
   number = 5,
    pages = {055203},
      doi = {10.1088/1361-6471/aabb6e},
   adsurl = {http://adsabs.harvard.edu/abs/2018JPhG...45e5203D},
  adsnote = {Provided by the SAO/NASA Astrophysics Data System}
}

@ARTICLE{vandenHeuvel1992,
   author = {{van den Heuvel}, E.~P.~J. and {Bhattacharya}, D. and {Nomoto}, K. and 
	{Rappaport}, S.~A.},
    title = "{Accreting white dwarf models for CAL 83, CAL 87 and other ultrasoft X-ray sources in the LMC}",
  journal = {\aap},
 keywords = {Magellanic Clouds, Stellar Mass Accretion, Stellar Models, White Dwarf Stars, X Ray Sources, Mass Transfer, Neutron Stars, Radial Velocity},
     year = 1992,
    month = aug,
   volume = 262,
    pages = {97-105},
   adsurl = {http://adsabs.harvard.edu/abs/1992A%26A...262...97V},
  adsnote = {Provided by the SAO/NASA Astrophysics Data System}
}

@ARTICLE{Woods2016,
   author = {{Woods}, T.~E. and {Gilfanov}, M.},
    title = "{Where are all of the nebulae ionized by supersoft X-ray sources?}",
  journal = {\mnras},
archivePrefix = "arXiv",
   eprint = {1510.05768},
 primaryClass = "astro-ph.HE",
 keywords = {binaries: close, white dwarfs, galaxies: ISM, X-rays: binaries},
     year = 2016,
    month = jan,
   volume = 455,
    pages = {1770-1781},
      doi = {10.1093/mnras/stv2423},
   adsurl = {http://adsabs.harvard.edu/abs/2016MNRAS.455.1770W},
  adsnote = {Provided by the SAO/NASA Astrophysics Data System}
}

@ARTICLE{Wolf2013,
   author = {{Wolf}, W.~M. and {Bildsten}, L. and {Brooks}, J. and {Paxton}, B.
	},
    title = "{Hydrogen Burning on Accreting White Dwarfs: Stability, Recurrent Novae, and the Post-nova Supersoft Phase}",
  journal = {\apj},
archivePrefix = "arXiv",
   eprint = {1309.3375},
 primaryClass = "astro-ph.SR",
 keywords = {binaries: close, binaries: symbiotic, novae, cataclysmic variables, white dwarfs, X-rays: binaries},
     year = 2013,
    month = nov,
   volume = 777,
      eid = {136},
    pages = {136},
      doi = {10.1088/0004-637X/777/2/136},
   adsurl = {http://adsabs.harvard.edu/abs/2013ApJ...777..136W},
  adsnote = {Provided by the SAO/NASA Astrophysics Data System}
}

@INPROCEEDINGS{Herwig2007,
   author = {{Herwig}, F. and {Freytag}, B. and {Fuchs}, T. and {Hansen}, J.~P. and 
	{Hueckstaedt}, R.~M. and {Porter}, D.~H. and {Timmes}, F.~X. and 
	{Woodward}, P.~R.},
    title = "{Convective and Non-Convective Mixing in AGB Stars}",
booktitle = {Why Galaxies Care About AGB Stars: Their Importance as Actors and Probes},
     year = 2007,
   series = {Astronomical Society of the Pacific Conference Series},
   volume = 378,
archivePrefix = "arXiv",
   eprint = {0709.0197},
   editor = {{Kerschbaum}, F. and {Charbonnel}, C. and {Wing}, R.~F.},
    month = nov,
    pages = {43},
   adsurl = {http://adsabs.harvard.edu/abs/2007ASPC..378...43H},
  adsnote = {Provided by the SAO/NASA Astrophysics Data System}
}

@ARTICLE{Herwig2000,
   author = {{Herwig}, F.},
    title = "{The evolution of AGB stars with convective overshoot}",
  journal = {\aap},
   eprint = {astro-ph/0007139},
 keywords = {STARS: ABUNDANCES, STARS: INTERIORS, STARS: EVOLUTION, STARS: AGB AND POST-AGB},
     year = 2000,
    month = aug,
   volume = 360,
    pages = {952-968},
   adsurl = {http://adsabs.harvard.edu/abs/2000A%26A...360..952H},
  adsnote = {Provided by the SAO/NASA Astrophysics Data System}
}

@ARTICLE{Herwig1997,
   author = {{Herwig}, F. and {Bl\"{o}cker}, T. and {Schoenberner}, D. and {El Eid}, M.
	},
    title = "{Stellar evolution of low and intermediate-mass stars. IV. Hydrodynamically-based overshoot and nucleosynthesis in AGB stars.}",
  journal = {\aap},
   eprint = {astro-ph/9706122},
 keywords = {STARS: EVOLUTION, STARS: AGB, POST-AGB, STARS: ABUNDANCES},
     year = 1997,
    month = aug,
   volume = 324,
    pages = {L81-L84},
   adsurl = {http://adsabs.harvard.edu/abs/1997A%26A...324L..81H},
  adsnote = {Provided by the SAO/NASA Astrophysics Data System}
}

@ARTICLE{Bloecker1995,
   author = {{Bl\"{o}cker}, T.},
    title = "{Stellar evolution of low and intermediate-mass stars. I. Mass loss on the AGB and its consequences for stellar evolution.}",
  journal = {\aap},
 keywords = {STARS: EVOLUTION, STARS: MASS LOSS, STARS: AGB, POST-AGB},
     year = 1995,
    month = may,
   volume = 297,
    pages = {727},
   adsurl = {http://adsabs.harvard.edu/abs/1995A%26A...297..727B},
  adsnote = {Provided by the SAO/NASA Astrophysics Data System}
}

@ARTICLE{Asplund2009,
   author = {{Asplund}, M. and {Grevesse}, N. and {Sauval}, A.~J. and {Scott}, P.
	},
    title = "{The Chemical Composition of the Sun}",
  journal = {\araa},
archivePrefix = "arXiv",
   eprint = {0909.0948},
 primaryClass = "astro-ph.SR",
     year = 2009,
    month = sep,
   volume = 47,
    pages = {481-522},
      doi = {10.1146/annurev.astro.46.060407.145222},
   adsurl = {http://adsabs.harvard.edu/abs/2009ARA%26A..47..481A},
  adsnote = {Provided by the SAO/NASA Astrophysics Data System}
}

@ARTICLE{Denissenkov2017b,
   author = {{Denissenkov}, P.~A. and {VandenBerg}, D.~A. and {Kopacki}, G. and 
	{Ferguson}, J.~W.},
    title = "{Constraints on the Distance Moduli, Helium, and Metal Abundances, and Ages of Globular Clusters from Their RR Lyrae and Non-variable Horizontal Branch Stars. II. Multiple Stellar Populations in 47 Tuc, M3, and M13}",
  journal = {\apj},
archivePrefix = "arXiv",
   eprint = {1706.05454},
 primaryClass = "astro-ph.SR",
 keywords = {globular clusters: individual: 47 Tuc {\amp} NGC 104, M3 {\amp} NGC 5272, M13 {\amp} NGC 6205, stars: evolution, stars: horizontal-branch, stars: variables: RR Lyrae},
     year = 2017,
    month = nov,
   volume = 849,
      eid = {159},
    pages = {159},
      doi = {10.3847/1538-4357/aa92c9},
   adsurl = {http://adsabs.harvard.edu/abs/2017ApJ...849..159D},
  adsnote = {Provided by the SAO/NASA Astrophysics Data System}
}

@ARTICLE{Cyburt2010,
   author = {{Cyburt}, R.~H. and {Amthor}, A.~M. and {Ferguson}, R. and {Meisel}, Z. and
        {Smith}, K. and {Warren}, S. and {Heger}, A. and {Hoffman}, R.~D. and
        {Rauscher}, T. and {Sakharuk}, A. and {Schatz}, H. and {Thielemann}, F.~K. and
        {Wiescher}, M.},
    title = "{The JINA REACLIB Database: Its Recent Updates and Impact on Type-I X-ray Bursts}",
  journal = {\apjs},
 keywords = {nuclear reactions, nucleosynthesis, abundances, X-rays: bursts},
     year = 2010,
    month = jul,
   volume = 189,
    pages = {240-252},
      doi = {10.1088/0067-0049/189/1/240},
   adsurl = {http://adsabs.harvard.edu/abs/2010ApJS..189..240C},
  adsnote = {Provided by the SAO/NASA Astrophysics Data System}
}

@ARTICLE{Paxton2011,
   author = {{Paxton}, B. and {Bildsten}, L. and {Dotter}, A. and {Herwig}, F. and
        {Lesaffre}, P. and {Timmes}, F.},
    title = "{Modules for Experiments in Stellar Astrophysics (MESA)}",
  journal = {\apjs},
archivePrefix = "arXiv",
   eprint = {1009.1622},
 primaryClass = "astro-ph.SR",
 keywords = {methods: numerical, stars: evolution, stars: general},
     year = 2011,
    month = jan,
   volume = 192,
      eid = {3},
    pages = {3},
      doi = {10.1088/0067-0049/192/1/3},
   adsurl = {http://adsabs.harvard.edu/abs/2011ApJS..192....3P},
  adsnote = {Provided by the SAO/NASA Astrophysics Data System}
}

@ARTICLE{Paxton2013,
   author = {{Paxton}, B. and {Cantiello}, M. and {Arras}, P. and {Bildsten}, L. and
        {Brown}, E.~F. and {Dotter}, A. and {Mankovich}, C. and {Montgomery}, M.~H. and
        {Stello}, D. and {Timmes}, F.~X. and {Townsend}, R.},
    title = "{Modules for Experiments in Stellar Astrophysics (MESA): Planets, Oscillations, Rotation, and Massive Stars}",
  journal = {\apjs},
archivePrefix = "arXiv",
   eprint = {1301.0319},
 primaryClass = "astro-ph.SR",
 keywords = {asteroseismology, methods: numerical, planets and satellites: physical evolution, stars: evolution, stars: massive, stars: rotation},
     year = 2013,
    month = sep,
   volume = 208,
      eid = {4},
    pages = {4},
      doi = {10.1088/0067-0049/208/1/4},
   adsurl = {http://adsabs.harvard.edu/abs/2013ApJS..208....4P},
  adsnote = {Provided by the SAO/NASA Astrophysics Data System}
}

@ARTICLE{Cowan1977,
   author = {{Cowan}, J.~J. and {Rose}, W.~K.},
    title = "{Production of C-14 and neutrons in red giants}",
  journal = {\apj},
 keywords = {Carbon Stars, Carbon 14, Neutrons, Red Giant Stars, Stellar Evolution, Astrophysics, Late Stars, Nuclear Reactions},
     year = 1977,
    month = feb,
   volume = 212,
    pages = {149-158},
      doi = {10.1086/155030},
   adsurl = {http://adsabs.harvard.edu/abs/1977ApJ...212..149C},
  adsnote = {Provided by the SAO/NASA Astrophysics Data System}
}

@ARTICLE{Lepo2013,
   author = {{Lepo}, K. and {van Kerkwijk}, M.},
    title = "{A Search for Rapidly Accreting White Dwarfs in the Small Magellanic Cloud}",
  journal = {\apj},
archivePrefix = "arXiv",
   eprint = {1301.1368},
 primaryClass = "astro-ph.SR",
 keywords = {novae, cataclysmic variables, supernovae: general, ultraviolet: stars},
     year = 2013,
    month = jul,
   volume = 771,
      eid = {13},
    pages = {13},
      doi = {10.1088/0004-637X/771/1/13},
   adsurl = {http://adsabs.harvard.edu/abs/2013ApJ...771...13L},
  adsnote = {Provided by the SAO/NASA Astrophysics Data System}
}

@ARTICLE{Asplund1999,
   author = {{Asplund}, M. and {Lambert}, D.~L. and {Kipper}, T. and {Pollacco}, D. and 
	{Shetrone}, M.~D.},
    title = "{The rapid evolution of the born-again giant Sakurai's object}",
  journal = {\aap},
   eprint = {astro-ph/9811208},
 keywords = {STARS: VARIABLES: GENERAL, STARS: INDIVIDUAL: SAKURAI'S OBJECT, STARS: AGB AND POST-AGB, STARS: EVOLUTION, STARS: ABUNDANCES},
     year = 1999,
    month = mar,
   volume = 343,
    pages = {507-518},
   adsurl = {http://adsabs.harvard.edu/abs/1999A%26A...343..507A},
  adsnote = {Provided by the SAO/NASA Astrophysics Data System}
}

@ARTICLE{Herwig2011,
   author = {{Herwig}, F. and {Pignatari}, M. and {Woodward}, P.~R. and {Porter}, D.~H. and 
	{Rockefeller}, G. and {Fryer}, C.~L. and {Bennett}, M. and {Hirschi}, R.
	},
    title = "{Convective-reactive Proton-$^{12}$C Combustion in Sakurai's Object (V4334 Sagittarii) and Implications for the Evolution and Yields from the First Generations of Stars}",
  journal = {\apj},
archivePrefix = "arXiv",
   eprint = {1002.2241},
 primaryClass = "astro-ph.SR",
 keywords = {stars: abundances, stars: AGB and post-AGB, stars: evolution, stars: individual: V4334 Sagittarii, stars: interiors, hydrodynamics, nuclear reactions, nucleosynthesis, abundances},
     year = 2011,
    month = feb,
   volume = 727,
      eid = {89},
    pages = {89},
      doi = {10.1088/0004-637X/727/2/89},
   adsurl = {http://adsabs.harvard.edu/abs/2011ApJ...727...89H},
  adsnote = {Provided by the SAO/NASA Astrophysics Data System}
}

@ARTICLE{Han2004,
   author = {{Han}, Z. and {Podsiadlowski}, P.},
    title = "{The single-degenerate channel for the progenitors of Type Ia supernovae}",
  journal = {\mnras},
   eprint = {astro-ph/0309618},
 keywords = {binaries: close, stars: evolution, supernovae: general, white dwarfs},
     year = 2004,
    month = jun,
   volume = 350,
    pages = {1301-1309},
      doi = {10.1111/j.1365-2966.2004.07713.x},
   adsurl = {http://adsabs.harvard.edu/abs/2004MNRAS.350.1301H},
  adsnote = {Provided by the SAO/NASA Astrophysics Data System}
}

@ARTICLE{Idan2013,
   author = {{Idan}, I. and {Shaviv}, N.~J. and {Shaviv}, G.},
    title = "{The fate of a WD accreting H-rich material at high accretion rates}",
  journal = {\mnras},
 keywords = {novae, cataclysmic variables, supernovae: general},
     year = 2013,
    month = aug,
   volume = 433,
    pages = {2884-2892},
      doi = {10.1093/mnras/stt908},
   adsurl = {http://adsabs.harvard.edu/abs/2013MNRAS.433.2884I},
  adsnote = {Provided by the SAO/NASA Astrophysics Data System}
}

@ARTICLE{Wang2018,
   author = {{Wang}, B.},
    title = "{Mass-accreting white dwarfs and type Ia supernovae}",
  journal = {Research in Astronomy and Astrophysics},
archivePrefix = "arXiv",
   eprint = {1801.04031},
 primaryClass = "astro-ph.SR",
     year = 2018,
    month = may,
   volume = 18,
      eid = {049},
    pages = {049},
      doi = {10.1088/1674-4527/18/5/49},
   adsurl = {http://adsabs.harvard.edu/abs/2018RAA....18...49W},
  adsnote = {Provided by the SAO/NASA Astrophysics Data System}
}

@ARTICLE{Livio2018,
   author = {{Livio}, M. and {Mazzali}, P.},
    title = "{On the Progenitors of Type Ia Supernovae}",
  journal = {ArXiv e-prints},
archivePrefix = "arXiv",
   eprint = {1802.03125},
 primaryClass = "astro-ph.SR",
 keywords = {Astrophysics - Solar and Stellar Astrophysics, Astrophysics - High Energy Astrophysical Phenomena},
     year = 2018,
    month = feb,
   adsurl = {http://adsabs.harvard.edu/abs/2018arXiv180203125L},
  adsnote = {Provided by the SAO/NASA Astrophysics Data System}
}

@INPROCEEDINGS{Newsham2014,
   author = {{Newsham}, G. and {Starrfield}, S. and {Timmes}, F.~X.},
    title = "{Evolution of Accreting White Dwarfs: Some of Them Continue to Grow}",
booktitle = {Stellar Novae: Past and Future Decades},
     year = 2014,
   series = {Astronomical Society of the Pacific Conference Series},
   volume = 490,
archivePrefix = "arXiv",
   eprint = {1303.3642},
 primaryClass = "astro-ph.SR",
   editor = {{Woudt}, P.~A. and {Ribeiro}, V.~A.~R.~M.},
    month = dec,
    pages = {287},
   adsurl = {http://adsabs.harvard.edu/abs/2014ASPC..490..287N},
  adsnote = {Provided by the SAO/NASA Astrophysics Data System}
}

@ARTICLE{Cassisi1998,
   author = {{Cassisi}, S. and {Iben}, Jr., I. and {Tornamb{\`e}}, A.},
    title = "{Hydrogen-accreting Carbon-Oxygen White Dwarfs}",
  journal = {\apj},
 keywords = {ACCRETION, ACCRETION DISKS, NUCLEAR REACTIONS, NUCLEOSYNTHESIS, ABUNDANCES, STARS: INTERIORS, STARS: NOVAE, CATACLYSMIC VARIABLES, STARS: SUPERNOVAE: GENERAL, STARS: WHITE DWARFS, Accretion, Accretion Disks, Stars: Novae, Cataclysmic Variables, Nuclear Reactions, Nucleosynthesis, Abundances, Stars: Interiors, Stars: Supernovae: General, Stars: White Dwarfs},
     year = 1998,
    month = mar,
   volume = 496,
    pages = {376-385},
      doi = {10.1086/305381},
   adsurl = {http://adsabs.harvard.edu/abs/1998ApJ...496..376C},
  adsnote = {Provided by the SAO/NASA Astrophysics Data System}
}

@ARTICLE{Wang2015,
   author = {{Wang}, B. and {Li}, Y. and {Ma}, X. and {Liu}, D.-D. and {Cui}, X. and 
	{Han}, Z.},
    title = "{Super-Eddington wind scenario for the progenitors of type Ia supernovae: Accreting He-rich matter onto white dwarfs}",
  journal = {\aap},
archivePrefix = "arXiv",
   eprint = {1510.03485},
 primaryClass = "astro-ph.SR",
 keywords = {stars: evolution, binaries: close, supernovae: general, white dwarfs},
     year = 2015,
    month = dec,
   volume = 584,
      eid = {A37},
    pages = {A37},
      doi = {10.1051/0004-6361/201526569},
   adsurl = {http://adsabs.harvard.edu/abs/2015A%26A...584A..37W},
  adsnote = {Provided by the SAO/NASA Astrophysics Data System}
}

@ARTICLE{Piersanti2014,
   author = {{Piersanti}, L. and {Tornamb{\'e}}, A. and {Yungelson}, L.~R.
	},
    title = "{He-accreting white dwarfs: accretion regimes and final outcomes}",
  journal = {\mnras},
archivePrefix = "arXiv",
   eprint = {1409.3589},
 primaryClass = "astro-ph.SR",
 keywords = {accretion, accretion discs, binaries: general, supernovae: general, white dwarfs},
     year = 2014,
    month = dec,
   volume = 445,
    pages = {3239-3262},
      doi = {10.1093/mnras/stu1885},
   adsurl = {http://adsabs.harvard.edu/abs/2014MNRAS.445.3239P},
  adsnote = {Provided by the SAO/NASA Astrophysics Data System}
}

@ARTICLE{Hachisu1996,
   author = {{Hachisu}, I. and {Kato}, M. and {Nomoto}, K.},
    title = "{A New Model for Progenitor Systems of Type IA Supernovae}",
  journal = {\apjl},
 keywords = {STARS: BINARIES: CLOSE, STARS: BINARIES: SYMBIOTIC, STARS: MASS LOSS, STARS: NOVAE, CATACLYSMIC VARIABLES, STARS: SUPERNOVAE: GENERAL, X-RAYS: STARS},
     year = 1996,
    month = oct,
   volume = 470,
    pages = {L97},
      doi = {10.1086/310303},
   adsurl = {http://adsabs.harvard.edu/abs/1996ApJ...470L..97H},
  adsnote = {Provided by the SAO/NASA Astrophysics Data System}
}

@ARTICLE{Nomoto1982,
   author = {{Nomoto}, K.},
    title = "{Accreting white dwarf models for type I supernovae. I - Presupernova evolution and triggering mechanisms}",
  journal = {\apj},
 keywords = {Binary Stars, Stellar Evolution, Stellar Mass Accretion, Stellar Models, Supernovae, White Dwarf Stars, Carbon, Helium, Oxygen},
     year = 1982,
    month = feb,
   volume = 253,
    pages = {798-810},
      doi = {10.1086/159682},
   adsurl = {http://adsabs.harvard.edu/abs/1982ApJ...253..798N},
  adsnote = {Provided by the SAO/NASA Astrophysics Data System}
}

@ARTICLE{Denissenkov2017a,
   author = {{Denissenkov}, P.~A. and {Herwig}, F. and {Battino}, U. and 
	{Ritter}, C. and {Pignatari}, M. and {Jones}, S. and {Paxton}, B.
	},
    title = "{I-process Nucleosynthesis and Mass Retention Efficiency in He-shell Flash Evolution of Rapidly Accreting White Dwarfs}",
  journal = {\apjl},
archivePrefix = "arXiv",
   eprint = {1610.08541},
 primaryClass = "astro-ph.SR",
 keywords = {binaries: close, stars: abundances, stars: evolution, stars: interiors, supernovae: general},
     year = 2017,
    month = jan,
   volume = 834,
      eid = {L10},
    pages = {L10},
      doi = {10.3847/2041-8213/834/2/L10},
   adsurl = {http://adsabs.harvard.edu/abs/2017ApJ...834L..10D},
  adsnote = {Provided by the SAO/NASA Astrophysics Data System}
}

@ARTICLE{Churazov2014,
   author = {{Churazov}, E. and {Sunyaev}, R. and {Isern}, J. and {Kn{\"o}dlseder}, J. and
        {Jean}, P. and {Lebrun}, F. and {Chugai}, N. and {Grebenev}, S. and
        {Bravo}, E. and {Sazonov}, S. and {Renaud}, M.},
    title = "{Cobalt-56 {$\gamma$}-ray emission lines from the type Ia supernova 2014J}",
  journal = {\nat},
archivePrefix = "arXiv",
   eprint = {1405.3332},
 primaryClass = "astro-ph.HE",
     year = 2014,
    month = aug,
   volume = 512,
    pages = {406-408},
      doi = {10.1038/nature13672},
   adsurl = {http://adsabs.harvard.edu/abs/2014Natur.512..406C},
  adsnote = {Provided by the SAO/NASA Astrophysics Data System}
}

@ARTICLE{Chen2014,
   author = {{Chen}, M.~C. and {Herwig}, F. and {Denissenkov}, P.~A. and
        {Paxton}, B.},
    title = "{The dependence of the evolution of Type Ia SN progenitors on the C-burning rate uncertainty and parameters of convective boundary mixing}",
  journal = {\mnras},
archivePrefix = "arXiv",
   eprint = {1310.1898},
 primaryClass = "astro-ph.SR",
 keywords = {methods: numerical, stars: AGB and post-AGB, stars: evolution, stars: interiors, white dwarfs},
     year = 2014,
    month = may,
   volume = 440,
    pages = {1274-1280},
      doi = {10.1093/mnras/stu108},
   adsurl = {http://adsabs.harvard.edu/abs/2014MNRAS.440.1274C},
  adsnote = {Provided by the SAO/NASA Astrophysics Data System}
}

@ARTICLE{Hillebrandt2000,
   author = {{Hillebrandt}, W. and {Niemeyer}, J.~C.},
    title = "{Type IA Supernova Explosion Models}",
  journal = {\araa},
   eprint = {astro-ph/0006305},
 keywords = {STELLAR EVOLUTION, HYDRODYNAMICS},
     year = 2000,
   volume = 38,
    pages = {191-230},
      doi = {10.1146/annurev.astro.38.1.191},
   adsurl = {http://adsabs.harvard.edu/abs/2000ARA%26A..38..191H},
  adsnote = {Provided by the SAO/NASA Astrophysics Data System}
}

@ARTICLE{Hillebrandt2013,
   author = {{Hillebrandt}, W. and {Kromer}, M. and {R{\"o}pke}, F.~K. and
        {Ruiter}, A.~J.},
    title = "{Towards an understanding of Type Ia supernovae from a synthesis of theory and observations}",
  journal = {Frontiers of Physics},
archivePrefix = "arXiv",
   eprint = {1302.6420},
 primaryClass = "astro-ph.CO",
 keywords = {supernovae, nucleosynthesis, stellar evolution, binary and multiple stars, nuclear reactions},
     year = 2013,
    month = apr,
   volume = 8,
    pages = {116-143},
      doi = {10.1007/s11467-013-0303-2},
   adsurl = {http://adsabs.harvard.edu/abs/2013FrPhy...8..116H},
  adsnote = {Provided by the SAO/NASA Astrophysics Data System}
}

@INPROCEEDINGS{Schatzman1963,
   author = {{Schatzman}, E.},
    title = "{White dwarfs and type I supernovae}",
booktitle = {Star Evolution},
     year = 1963,
   editor = {{Gratton}, L.},
    pages = {389},
   adsurl = {http://adsabs.harvard.edu/abs/1963stev.conf..389S},
  adsnote = {Provided by the SAO/NASA Astrophysics Data System}
}

@ARTICLE{Whelan1973,
   author = {{Whelan}, J. and {Iben}, Jr., I.},
    title = "{Binaries and Supernovae of Type I}",
  journal = {\apj},
     year = 1973,
    month = dec,
   volume = 186,
    pages = {1007-1014},
      doi = {10.1086/152565},
   adsurl = {http://adsabs.harvard.edu/abs/1973ApJ...186.1007W},
  adsnote = {Provided by the SAO/NASA Astrophysics Data System}
}

@ARTICLE{Alexander1963,
  author = {Alexander, John M. and Baltzinger, Christiane and Gazdik, M. Frances},
  title = {Cross Section and Recoil Studies of Reactions of U{\textasciicircum}{238}
	with Protons of 0.5 to 6.2 {GeV}},
  journal = {Physical Review},
  year = {1963},
  volume = {129},
  pages = {1826--1834},
  number = {4},
  month = feb,
  abstract = {We report radiochemical investigations of Cu64,67, Mo99, Ag111, Pd112,
	and I121-135 produced from irradiations of U238 with high-energy
	protons. Cross sections are given for proton energies between 0.5
	and 6.2 {GeV.} Recoil properties from thick targets are reported
	for irradiations with 0.72- and {6.2-GeV} protons.},
  doi = {10.1103/PhysRev.129.1826},
  file_jabref = {Alexander et al. - 1963 - Cross Section and Recoil Studies of Reactions
	of U.pdf:/Users/mbertolli/Library/Application Support/Zotero/Profiles/kowdjn0o.default/zotero/storage/XNCC5KXP/Alexander
	et al. - 1963 - Cross Section and Recoil Studies of Reactions of
	U.pdf:application/pdf;APS Snapshot:/Users/mbertolli/Library/Application
	Support/Zotero/Profiles/kowdjn0o.default/zotero/storage/XA52VEAE/p1826_1.html:text/html},
  url_jabref = {http://link.aps.org/doi/10.1103/PhysRev.129.1826}
}

@ARTICLE{Andreozzi1997,
  author = {Andreozzi, F.},
  title = {Structure of neutron-rich nuclei around {{\textasciicircum}{132}Sn}},
  journal = {Physical Review C},
  year = {1997},
  volume = {56},
  pages = {R16--R19},
  number = {1},
  doi = {10.1103/PhysRevC.56.R16},
  file_jabref = {Andreozzi - 1997 - Structure of neutron-rich nuclei around ^{132}Sn.pdf:/Users/mbertolli/Library/Application
	Support/Zotero/Profiles/kowdjn0o.default/zotero/storage/IEQHTTTH/Andreozzi
	- 1997 - Structure of neutron-rich nuclei around ^{132}Sn.pdf:application/pdf;University
	of Tennessee VPN:/Users/mbertolli/Library/Application Support/Zotero/Profiles/kowdjn0o.default/zotero/storage/5BQWHI5C/welcome.html:text/html}
}

@BOOK{Bertolli2012,
  title = {unpublished report},
  publisher = {Los Alamos National Laboratory},
  year = {2012},
  author = {Bertolli, {M.G.}}
}

@PHDTHESIS{Bertolli2011,
  author = {Bertolli, {M.G.}},
  title = {Energy Functional for Nuclear Masses},
  school = {University of Tennessee},
  year = {2011},
  type = {{PhD} Dissertation},
  address = {Knoxville, {TN}},
  month = dec,
  file_jabref = {2011Bertolli.pdf:/Users/mbertolli/Library/Application Support/Zotero/Profiles/kowdjn0o.default/zotero/storage/3E4A64IG/2011Bertolli.pdf:application/pdf}
}

@ARTICLE{Chadwick2011,
  author = {Chadwick, {M.B.} and Herman, M. and Obložinský, P. and Dunn, {M.E.}
	and Danon, Y. and Kahler, {A.C.} and Smith, {D.L.} and Pritychenko,
	B. and Arbanas, G. and Arcilla, R. and Brewer, R. and Brown, {D.A.}
	and Capote, R. and Carlson, {A.D.} and Cho, {Y.S.} and Derrien, H.
	and Guber, K. and Hale, {G.M.} and Hoblit, S. and Holloway, S. and
	Johnson, {T.D.} and Kawano, T. and Kiedrowski, {B.C.} and Kim, H.
	and Kunieda, S. and Larson, {N.M.} and Leal, L. and Lestone, {J.P.}
	and Little, {R.C.} and {McCutchan}, {E.A.} and {MacFarlane}, {R.E.}
	and {MacInnes}, M. and Mattoon, {C.M.} and {McKnight}, {R.D.} and
	Mughabghab, {S.F.} and Nobre, {G.P.A.} and Palmiotti, G. and Palumbo,
	A. and Pigni, {M.T.} and Pronyaev, {V.G.} and Sayer, {R.O.} and Sonzogni,
	{A.A.} and Summers, {N.C.} and Talou, P. and Thompson, {I.J.} and
	Trkov, A. and Vogt, {R.L.} and van der Marck, {S.C.} and Wallner,
	A. and White, {M.C.} and Wiarda, D. and Young, {P.G.}},
  title = {{ENDF/B-VII.1} Nuclear Data for Science and Technology: Cross Sections,
	Covariances, Fission Product Yields and Decay Data},
  journal = {Nuclear Data Sheets},
  year = {2011},
  volume = {112},
  pages = {2887--2996},
  number = {12},
  month = dec,
  abstract = {The {ENDF/B-VII.1} library is our latest recommended evaluated nuclear
	data file for use in nuclear science and technology applications,
	and incorporates advances made in the five years since the release
	of {ENDF/B-VII.0.} These advances focus on neutron cross sections,
	covariances, fission product yields and decay data, and represent
	work by the {US} Cross Section Evaluation Working Group {(CSEWG)}
	in nuclear data evaluation that utilizes developments in nuclear
	theory, modeling, simulation, and experiment.
	
	The principal advances in the new library are: (1) An increase in
	the breadth of neutron reaction cross section coverage, extending
	from 393 nuclides to 423 nuclides; (2) Covariance uncertainty data
	for 190 of the most important nuclides, as documented in companion
	papers in this edition; (3) R-matrix analyses of neutron reactions
	on light nuclei, including isotopes of He, Li, and Be; (4) Resonance
	parameter analyses at lower energies and statistical high energy
	reactions for isotopes of Cl, K, Ti, V, Mn, Cr, Ni, Zr and W; (5)
	Modifications to thermal neutron reactions on fission products (isotopes
	of Mo, Tc, Rh, Ag, Cs, Nd, Sm, Eu) and neutron absorber materials
	{(Cd}, Gd); (6) Improved minor actinide evaluations for isotopes
	of U, Np, Pu, and Am (we are not making changes to the major actinides
	{235,238U} and {239Pu} at this point, except for delayed neutron
	data and covariances, and instead we intend to update them after
	a further period of research in experiment and theory), and our adoption
	of {JENDL-4.0} evaluations for isotopes of Cm, Bk, Cf, Es, Fm, and
	some other minor actinides; (7) Fission energy release evaluations;
	(8) Fission product yield advances for fission-spectrum neutrons
	and 14 {MeV} neutrons incident on {239Pu;} and (9) A new decay data
	sublibrary.
	
	Integral validation testing of the {ENDF/B-VII.1} library is provided
	for a variety of quantities: For nuclear criticality, the {VII.1}
	library maintains the generally-good performance seen for {VII.0}
	for a wide range of {MCNP} simulations of criticality benchmarks,
	with improved performance coming from new structural material evaluations,
	especially for Ti, Mn, Cr, Zr and W. For Be we see some improvements
	although the fast assembly data appear to be mutually inconsistent.
	Actinide cross section updates are also assessed through comparisons
	of fission and capture reaction rate measurements in critical assemblies
	and fast reactors, and improvements are evident. Maxwellian-averaged
	capture cross sections at 30 {keV} are also provided for astrophysics
	applications.
	
	We describe the cross section evaluations that have been updated for
	{ENDF/B-VII.1} and the measured data and calculations that motivated
	the changes, and therefore this paper augments the {ENDF/B-VII.0}
	publication {[M.} B. Chadwick, P. Obložinský, M. Herman, N. M.
	Greene, R. D. {McKnight}, D. L. Smith, P. G. Young, R. E. {MacFarlane},
	G. M. Hale, S. C. Frankle, A. C. Kahler, T. Kawano, R. C. Little,
	D. G. Madland, P. Moller, R. D. Mosteller, P. R. Page, P. Talou,
	H. Trellue, M. C. White, W. B. Wilson, R. Arcilla, C. L. Dunford,
	S. F. Mughabghab, B. Pritychenko, D. Rochman, A. A. Sonzogni, C.
	R. Lubitz, T. H. Trumbull, J. P. Weinman, D. A. Br, D. E. Cullen,
	D. P. Heinrichs, D. P. {McNabb}, H. Derrien, M. E. Dunn, N. M. Larson,
	L. C. Leal, A. D. Carlson, R. C. Block, J. B. Briggs, E. T. Cheng,
	H. C. Huria, M. L. Zerkle, K. S. Kozier, A. Courcelle, V. Pronyaev,
	and S. C. van der Marck, {“ENDF/B-VII.0:} Next Generation Evaluated
	Nuclear Data Library for Nuclear Science and Technology,” Nuclear
	Data Sheets 107, 2931 (2006)].},
  doi = {10.1016/j.nds.2011.11.002},
  file_jabref = {Chadwick et al. - 2011 - ENDFB-VII.1 Nuclear Data for Science and
	Technolo.pdf:/Users/mbertolli/Library/Application Support/Zotero/Profiles/kowdjn0o.default/zotero/storage/5ZDXMNBX/Chadwick
	et al. - 2011 - ENDFB-VII.1 Nuclear Data for Science and Technolo.pdf:application/pdf;ScienceDirect
	Snapshot:/Users/mbertolli/Library/Application Support/Zotero/Profiles/kowdjn0o.default/zotero/storage/7KRRTNR9/S009037521100113X.html:text/html},
  shorttitle = {{ENDF/B-VII.1} Nuclear Data for Science and Technology},
  url_jabref = {http://www.sciencedirect.com/science/article/pii/S009037521100113X}
}

@ARTICLE{Chadwick2006,
  author = {Chadwick, {M.B.} and Obložinský, P. and Herman, M. and Greene,
	{N.M.} and {McKnight}, {R.D.} and Smith, {D.L.} and Young, {P.G.}
	and {MacFarlane}, {R.E.} and Hale, {G.M.} and Frankle, {S.C.} and
	Kahler, {A.C.} and Kawano, T. and Little, {R.C.} and Madland, {D.G.}
	and Moller, P. and Mosteller, {R.D.} and Page, {P.R.} and Talou,
	P. and Trellue, H. and White, {M.C.} and Wilson, {W.B.} and Arcilla,
	R. and Dunford, {C.L.} and Mughabghab, {S.F.} and Pritychenko, B.
	and Rochman, D. and Sonzogni, {A.A.} and Lubitz, {C.R.} and Trumbull,
	{T.H.} and Weinman, {J.P.} and Brown, {D.A.} and Cullen, {D.E.} and
	Heinrichs, {D.P.} and {McNabb}, {D.P.} and Derrien, H. and Dunn,
	{M.E.} and Larson, {N.M.} and Leal, {L.C.} and Carlson, {A.D.} and
	Block, {R.C.} and Briggs, {J.B.} and Cheng, {E.T.} and Huria, {H.C.}
	and Zerkle, {M.L.} and Kozier, {K.S.} and Courcelle, A. and Pronyaev,
	V. and van der Marck, {S.C.}},
  title = {{ENDF/B-VII.0:} Next Generation Evaluated Nuclear Data Library for
	Nuclear Science and Technology},
  journal = {Nuclear Data Sheets},
  year = {2006},
  volume = {107},
  pages = {2931--3060},
  number = {12},
  month = dec,
  doi = {10.1016/j.nds.2006.11.001},
  file_jabref = {Chadwick et al. - 2006 - ENDFB-VII.0 Next Generation Evaluated Nuclear
	Da.pdf:/Users/mbertolli/Library/Application Support/Zotero/Profiles/kowdjn0o.default/zotero/storage/UJFCU9NZ/Chadwick
	et al. - 2006 - ENDFB-VII.0 Next Generation Evaluated Nuclear Da.pdf:application/pdf;University
	of Tennessee VPN:/Users/mbertolli/Library/Application Support/Zotero/Profiles/kowdjn0o.default/zotero/storage/G8VMESKB/welcome.html:text/html},
  shorttitle = {{ENDF/B-VII.0}},
  url_jabref = {https://access.utk.edu/science/article/pii/,DanaInfo=www.sciencedirect.com,SSO=U+S0090375206000871}
}

@ARTICLE{Donaldson1987,
  author = {Donaldson, Janet R. and Schnabel, Robert B.},
  title = {Computational experience with confidence intervals for nonlinear
	least squares},
  journal = {Technometrics},
  year = {1987},
  volume = {29},
  pages = {67–82},
  number = {1},
  month = feb,
  doi = {10.2307/1269884},
  file_jabref = {1987Donaldson and Schnabel.pdf:/Users/mbertolli/Library/Application
	Support/Zotero/Profiles/kowdjn0o.default/zotero/storage/5HMN9FN8/1987Donaldson
	and Schnabel.pdf:application/pdf},
  url_jabref = {http://dx.doi.org/10.2307/1269884}
}

@ARTICLE{Fowler1974,
  author = {Fowler, W. A.},
  title = {High Temperature Nuclear Astrophysics},
  journal = {Quarterly Journal of the Royal Astronomical Society},
  year = {1974},
  volume = {15},
  pages = {82},
  month = jun,
  abstract = {Not Available},
  file_jabref = {1974Fowler.82F:/Users/mbertolli/Library/Application Support/Zotero/Profiles/kowdjn0o.default/zotero/storage/953ZJ9DP/1974Fowler.82F:;1974Fowler.pdf:/Users/mbertolli/Library/Application
	Support/Zotero/Profiles/kowdjn0o.default/zotero/storage/NGPV4TZM/1974Fowler.pdf:application/pdf},
  url_jabref = {http://adsabs.harvard.edu/abs/1974QJRAS..15...82F}
}

@ARTICLE{Hauser1952,
  author = {Hauser, Walter and Feshbach, Herman},
  title = {The Inelastic Scattering of Neutrons},
  journal = {Physical Review},
  year = {1952},
  volume = {87},
  pages = {366--373},
  number = {2},
  month = jul,
  abstract = {The total cross section and the differential cross section for the
	inelastic scattering of neutrons are considered. It is assumed that
	the compound nucleus is sufficiently excited so that the statistical
	model may be applied. If the statistical model may be applied as
	well to the residual nucleus, it is shown that the angular distribution
	of the inelastically scattered neutrons is isotropic. If only a few
	levels of the target nucleus can be excited, the angular distribution
	is anisotropic. Tables are provided which permit the calculation
	of the angular distribution if the incident and emergent neutron
	angular momenta are less than or equal to 3ℏ. Examples of the evaluation
	of total cross sections are given, providing examples of the sensitivity
	of the results to the quantum numbers of the excited state.},
  doi = {10.1103/PhysRev.87.366},
  file_jabref = {1952Hauser and Feshbach.pdf:/Users/mbertolli/Library/Application Support/Zotero/Profiles/kowdjn0o.default/zotero/storage/GGRBP79X/1952Hauser
	and Feshbach.pdf:application/pdf;APS Snapshot:/Users/mbertolli/Library/Application
	Support/Zotero/Profiles/kowdjn0o.default/zotero/storage/ITUR7R72/p366_1.html:text/html},
  url_jabref = {http://link.aps.org/doi/10.1103/PhysRev.87.366}
}

@INPROCEEDINGS{Kawano2004,
  author = {Kawano, T. and Chiba, S. and Maruyama, T. and Utsuno, Y. and Koura,
	H. and Seki, A.},
  title = {Evaluation of Neutron Reaction Cross Sections for Astrophysics},
  booktitle = {Proceedings of the 2003 Symposium on Nuclear Data},
  year = {2004},
  editor = {Ohsawa, Takaaki and Fukahori, Tokio},
  address = {Tokai, Japan},
  publisher = {Japan Atomic Energy Research Institute},
  file_jabref = {2003ProcSympNucDat.pdf:/Users/mbertolli/Library/Application Support/Zotero/Profiles/kowdjn0o.default/zotero/storage/FG42TIB2/2003ProcSympNucDat.pdf:application/pdf;Snapshot:/Users/mbertolli/Library/Application
	Support/Zotero/Profiles/kowdjn0o.default/zotero/storage/32QVTS55/indc-jpn-0192.html:text/html},
  keywords = {agency, arms control, atom, atomic, Chernobyl, cooperation, development,
	disarmament, electricity, energy, hydrology, {IAEA}, {INIS}, isotopes,
	medicine, non-proliferation, {NPT}, nuclear, physics, radiation,
	radioactive, safeguards, safety, science, {TC}, technical, {UN},
	waste, water, {WSSD}},
  url_jabref = {http://www-nds.iaea.org/publications/indc/indc-jpn-0192/}
}

@BOOK{Koning2011,
  title = {{TALYS-1.4}},
  publisher = {{NRG}},
  year = {2011},
  author = {Koning, {A.J.} and Hilaire, S. and Goriely, S.},
  url = {http://www.talys.eu/fileadmin/talys/user/docs/talys1.4.pdf}
}

@INPROCEEDINGS{Koning2008,
  author = {Koning, A. J. and Hilaire, S. and Duijvestijn, M. C.},
  title = {{TALYS-1.0}},
  booktitle = {Proceedings of the International Conference on Nuclear Data for Science
	and Technology},
  year = {2008},
  month = may,
  publisher = {{EDP} Sciences},
  doi = {10.1051/ndata:07767},
  file_jabref = {ndata07767.pdf:/Users/mbertolli/Library/Application Support/Zotero/Profiles/kowdjn0o.default/zotero/storage/D5I5EAWI/ndata07767.pdf:application/pdf;TALYS-1.0
	| ND 2007:/Users/mbertolli/Library/Application Support/Zotero/Profiles/kowdjn0o.default/zotero/storage/TM69QC4F/index.html:text/html},
  url_jabref = {http://nd2007.edpsciences.org/index.php?option=com_article&access=doi&doi=10.1051/ndata:07767&Itemid=129}
}

@ARTICLE{Kortelainen2010,
  author = {Kortelainen, M. and Lesinski, T. and Moré, J. and Nazarewicz, W.
	and Sarich, J. and Schunck, N. and Stoitsov, M. V. and Wild, S.},
  title = {Nuclear energy density optimization},
  journal = {Physical Review C},
  year = {2010},
  volume = {82},
  pages = {024313},
  number = {2},
  abstract = {We carry out state-of-the-art optimization of a nuclear energy density
	of Skyrme type in the framework of the {Hartree-Fock-Bogoliubov}
	theory. The particle-hole and particle-particle channels are optimized
	simultaneously, and the experimental data set includes both spherical
	and deformed nuclei. The new model-based, derivative-free optimization
	algorithm used in this work has been found to be significantly better
	than standard optimization methods in terms of reliability, speed,
	accuracy, and precision. The resulting parameter set unedf0 results
	in good agreement with experimental masses, radii, and deformations
	and seems to be free of finite-size instabilities. An estimate of
	the reliability of the obtained parameterization is given, based
	on standard statistical methods. We discuss new physics insights
	offered by the advanced covariance analysis.},
  doi = {10.1103/PhysRevC.82.024313},
  file_jabref = {2010Kortelainen et al..pdf:/Users/mbertolli/Library/Application Support/Zotero/Profiles/kowdjn0o.default/zotero/storage/CN8QSJS7/2010Kortelainen
	et al..pdf:application/pdf;APS Snapshot:/Users/mbertolli/Library/Application
	Support/Zotero/Profiles/kowdjn0o.default/zotero/storage/V4BJV94N/e024313.html:text/html}
}

@ARTICLE{Macias1970,
  author = {Macias, {E.S.} and de Beeck, {J.P.op} and Walters, {W.B.}},
  title = {Decay of 6.7 h {135I} to levels of {135Xe}},
  journal = {Nuclear Physics A},
  year = {1970},
  volume = {147},
  pages = {513--526},
  number = {3},
  month = jun,
  doi = {10.1016/0375-9474(70)90596-8},
  file_jabref = {Macias et al. - 1970 - Decay of 6.7 h 135I to levels of 135Xe.pdf:/Users/mbertolli/Library/Application
	Support/Zotero/Profiles/kowdjn0o.default/zotero/storage/69NWN656/Macias
	et al. - 1970 - Decay of 6.7 h 135I to levels of 135Xe.pdf:application/pdf;University
	of Tennessee VPN:/Users/mbertolli/Library/Application Support/Zotero/Profiles/kowdjn0o.default/zotero/storage/UN3XVDWT/welcome.html:text/html},
  url_jabref = {https://access.utk.edu/science/article/pii/,DanaInfo=www.sciencedirect.com+0375947470905968}
}

@ARTICLE{Meyer-Ter-Vehn1975,
  author = {{Meyer-Ter-Vehn}, J.},
  title = {Collective model description of transitional {odd-A} nuclei},
  journal = {Nuclear Physics A},
  year = {1975},
  volume = {249},
  pages = {141--165},
  number = {1},
  month = sep,
  doi = {10.1016/0375-9474(75)90096-2},
  file_jabref = {Meyer-Ter-Vehn - 1975 - Collective model description of transitional
	odd-A.pdf:/Users/mbertolli/Library/Application Support/Zotero/Profiles/kowdjn0o.default/zotero/storage/E5JAFPR4/Meyer-Ter-Vehn
	- 1975 - Collective model description of transitional odd-A.pdf:application/pdf;University
	of Tennessee VPN:/Users/mbertolli/Library/Application Support/Zotero/Profiles/kowdjn0o.default/zotero/storage/IXK9CPS2/welcome.html:text/html},
  url_jabref = {https://access.utk.edu/science/article/pii/,DanaInfo=www.sciencedirect.com,SSO=U+0375947475900962}
}

@TECHREPORT{OECD/NEADataBank2009,
  author = {{{OECD/NEA} Data Bank}},
  title = {The {JEFF-3.1.1} Nuclear Data Library},
  institution = {{OECD/NEA} Data Bank},
  year = {2009},
  number = {{JEFF} Report 22},
  file_jabref = {OECDANEA Data Bank.pdf:/Users/mbertolli/Library/Application Support/Zotero/Profiles/kowdjn0o.default/zotero/storage/KEF89C33/OECDANEA
	Data Bank.pdf:application/pdf}
}

@ARTICLE{Rauscher2012,
  author = {Rauscher, T.},
  title = {Sensitivity of astrophysical reaction rates to nuclear uncertainties},
  journal = {Ap. J. Suppl. Ser.},
  year = {2012},
  volume = {201},
  pages = {26},
  number = {2}
}

@ARTICLE{Sergeenkov1998,
  author = {Sergeenkov, {Yu.V.} and Singh, Balraj},
  title = {Nuclear Data Sheets for A = 135},
  journal = {Nuclear Data Sheets},
  year = {1998},
  volume = {84},
  pages = {115--276},
  number = {1},
  month = may,
  doi = {10.1006/ndsh.1998.0010},
  file_jabref = {Sergeenkov and Singh - 1998 - Nuclear Data Sheets for A = 135.pdf:/Users/mbertolli/Library/Application
	Support/Zotero/Profiles/kowdjn0o.default/zotero/storage/EK2HMTFJ/Sergeenkov
	and Singh - 1998 - Nuclear Data Sheets for A = 135.pdf:application/pdf;University
	of Tennessee VPN:/Users/mbertolli/Library/Application Support/Zotero/Profiles/kowdjn0o.default/zotero/storage/IKQ3URAI/welcome.html:text/html},
  url_jabref = {https://access.utk.edu/science/article/pii/,DanaInfo=www.sciencedirect.com+S0090375298900102}
}

@ARTICLE{Shibata2011,
  author = {Shibata, Keiichi and {IWAMOTO}, Osamu and {NAKAGAWA}, Tsuneo and
	{IWAMOTO}, Nobuyuki and {ICHIHARA}, Akira and {KUNIEDA}, Satoshi
	and {CHIBA}, Satoshi and {FURUTAKA}, Kazuyoshi and {OTUKA}, Naohiko
	and {OHASAWA}, Takaaki and {MURATA}, Toru and {MATSUNOBU}, Hiroyuki
	and {ZUKERAN}, Atsushi and {KAMADA}, So and {KATAKURA}, Jun-ichi},
  title = {{JENDL-4.0:} A New Library for Nuclear Science and Engineering},
  journal = {Journal of Nuclear Science and Technology},
  year = {2011},
  volume = {48},
  pages = {1--30},
  number = {1},
  abstract = {The fourth version of the Japanese Evaluated Nuclear Data Library
	has been produced in cooperation with the Japanese Nuclear Data Committee.
	In the new library, much emphasis is placed on the improvements of
	fission product and minor actinoid data. Two nuclear model codes
	were developed in order to evaluate the cross sections of fission
	products and minor actinoids. Coupled-channel optical model parameters,
	which can be applied to wide mass and energy regions, were obtained
	for nuclear model calculations. Thermal cross sections of actinoids
	were carefully examined by considering experimental data or by the
	systematics of neighboring nuclei. Most of the fission cross sections
	were derived from experimental data. A simultaneous evaluation was
	performed for the fission cross sections of important uranium and
	plutonium isotopes above 10 {keV.} New evaluations were performed
	for the thirty fissionproduct nuclides that had not been contained
	in the previous library {JENDL-3.3.} The data for light elements
	and structural materials were partly reevaluated. Moreover, covariances
	were estimated mainly for actinoids. The new library was released
	as {JENDL-4.0}, and the data can be retrieved from the Web site of
	the {JAEA} Nuclear Data Center.},
  doi = {10.1080/18811248.2011.9711675},
  file_jabref = {Snapshot:/Users/mbertolli/Library/Application Support/Zotero/Profiles/kowdjn0o.default/zotero/storage/7MACSM6I/18811248.2011.html:text/html},
  shorttitle = {{JENDL-4.0}},
  url_jabref = {http://www.tandfonline.com/doi/abs/10.1080/18811248.2011.9711675}
}

@TECHREPORT{Smith2005,
  author = {Smith, D. L},
  title = {Covariance matrices for nuclear cross sections derived from nuclear
	model calculations.},
  institution = {Argonne National Laboratory},
  year = {2005},
  month = jan,
  file_jabref = {Smith - 2005 - Covariance matrices for nuclear cross sections der.html:/Users/mbertolli/Library/Application
	Support/Zotero/Profiles/kowdjn0o.default/zotero/storage/XJHVP52Z/Smith
	- 2005 - Covariance matrices for nuclear cross sections der.html:text/html;Smith
	- 2005 - Covariance matrices for nuclear cross sections der.pdf:/Users/mbertolli/Library/Application
	Support/Zotero/Profiles/kowdjn0o.default/zotero/storage/74MKWTT6/Smith
	- 2005 - Covariance matrices for nuclear cross sections der.pdf:application/pdf},
  url_jabref = {http://www.osti.gov/bridge/servlets/purl/838257-jHgowB/native/}
}

@ARTICLE{Rauscher1996,
   author = {{Rauscher}, T. and {Thielemann}, F.~K. and {Kratz}, K.-L.}, 
    title = "{Applicability Of The Hauser-Feshbach Approach For The Determination of Astrophysical Reaction Rates}", 
  journal = {Nuclear Physics A},
     year = 1996,
   volume = 621,
    pages = {331-334},
}

@ARTICLE{Woodward2015,
   author = {{Woodward}, P.~R. and {Herwig}, F. and {Lin}, P.-H.},
    title = "{Hydrodynamic Simulations of H Entrainment at the Top of He-shell Flash Convection}",
  journal = {\apj},
 keywords = {convection, hydrodynamics, stars: AGB and post-AGB, stars: evolution, stars: interior, turbulence},
     year = 2015,
    month = jan,
   volume = 798,
      eid = {49},
    pages = {49},
      doi = {10.1088/0004-637X/798/1/49},
   adsurl = {http://adsabs.harvard.edu/abs/2015ApJ...798...49W},
  adsnote = {Provided by the SAO/NASA Astrophysics Data System}
}

@ARTICLE{Herwig2014,
   author = {{Herwig}, F. and {Woodward}, P.~R. and {Lin}, P.-H. and {Knox}, M. and
        {Fryer}, C.},
    title = "{Global Non-spherical Oscillations in Three-dimensional 4{$\pi$} Simulations of the H-ingestion Flash}",
  journal = {\apjl},
archivePrefix = "arXiv",
   eprint = {1310.4584},
 primaryClass = "astro-ph.SR",
 keywords = {convection, hydrodynamics, instabilities, stars: AGB and post-AGB, stars: individual: V4334 Sagittarii, stars: interiors },
     year = 2014,
    month = sep,
   volume = 792,
      eid = {L3},
    pages = {L3},
      doi = {10.1088/2041-8205/792/1/L3},
   adsurl = {http://adsabs.harvard.edu/abs/2014ApJ...792L...3H},
  adsnote = {Provided by the SAO/NASA Astrophysics Data System}
}

@ARTICLE{Spruit2015,
   author = {{Spruit}, H.~C.},
    title = "{The growth of helium-burning cores}",
  journal = {\aap},
archivePrefix = "arXiv",
   eprint = {1509.00659},
 primaryClass = "astro-ph.SR",
 keywords = {stars: evolution, convection, stars: horizontal-branch},
     year = 2015,
    month = oct,
   volume = 582,
      eid = {L2},
    pages = {L2},
      doi = {10.1051/0004-6361/201527171},
   adsurl = {http://adsabs.harvard.edu/abs/2015A%26A...582L...2S},
  adsnote = {Provided by the SAO/NASA Astrophysics Data System}
}

@ARTICLE{Jones2017,
   author = {{Jones}, S. and {Andrassy}, R. and {Sandalski}, S. and {Davis}, A. and
        {Woodward}, P. and {Herwig}, F.},
    title = "{Idealized hydrodynamic simulations of turbulent oxygen-burning shell convection in 4{$\pi$} geometry}",
  journal = {\mnras},
archivePrefix = "arXiv",
   eprint = {1605.03766},
 primaryClass = "astro-ph.SR",
 keywords = {convection, hydrodynamics, turbulence, stars: evolution, stars: interior, stars: massive},
     year = 2017,
    month = mar,
   volume = 465,
    pages = {2991-3010},
      doi = {10.1093/mnras/stw2783},
   adsurl = {http://adsabs.harvard.edu/abs/2017MNRAS.465.2991J},
  adsnote = {Provided by the SAO/NASA Astrophysics Data System}
}

@Comment{jabref-meta: databaseType:bibtex;}
